<?xml version="1.0" encoding="UTF-8"?><collection xmlns="http://www.loc.gov/MARC21/slim"><record><leader>00401nam--2200133-i-4500</leader><controlfield tag="001">000023453</controlfield><controlfield tag="002">20161230</controlfield><controlfield tag="005">20161230201035</controlfield><controlfield tag="008">060222s1000------------r-----000-0-eng-d</controlfield><datafield ind1=" " ind2=" " tag="080"><subfield code="a">621.38.049</subfield></datafield><datafield ind1=" " ind2=" " tag="100"><subfield code="a">Heinlein, Walter E., Holmes, W.Harvey</subfield></datafield><datafield ind1=" " ind2=" " tag="245"><subfield code="a">Active filters for integrated circuits. fundamental and design methods</subfield></datafield><datafield ind1=" " ind2=" " tag="260"><subfield code="a">Munchen, R.Oldenbourg Verlag, 1974. X + 668 P</subfield></datafield><datafield ind1=" " ind2=" " tag="852"><subfield code="a">42369</subfield></datafield></record></collection>